@book{Anderson2008sea,
  author={Anderson, Ross J.},
  title={Security Engineering},
  subtitle={A guide to building dependable distributed systems},
  publisher={Wiley},
  address={Indianapolis, IN},
  year={2008},
  edition={2},
  ISBN={978-0-470-06852-6 (hbk.)},
  URL={http://www.cl.cam.ac.uk/~rja14/book.html},
  keywords={IT-s{\"a}kerhet},
}

@article{Shannon1948amt,
  author={Shannon, C. E.},
  title={A Mathematical Theory of Communication},
  journal={The Bell System Technical Journal},
  volume={27},
  pages={379--423, 623--656},
  month={7-8},
  year={1948},
}
@unpublished{Ueltschi2013se,
  author={Ueltschi, Daniel},
  title={Chapter 6: Shannon entropy},
  URL={http://www.ueltschi.org/teaching/chapShannon.pdf},
}

@techreport{Kuo2006hso,
  author={Kuo, Cynthia and Romanosky, Sasha and Cranor, Lorrie Faith},
  title={{Human Selection of Mnemonic Phrase-based Passwords}},
  institution={Institute of Software Research},
  number={36},
  year={2006},
  URL={http://repository.cmu.edu/isr/36/},
}
@inproceedings{Komanduri2011opa,
  author={Komanduri, Saranga and
    Shay, Richard and
    Kelley, Patrick Gage and
    Mazurek, Michelle L. and
    Bauer, Lujo and
    Christin Nicolas and
    Cranor, Lorrie Faith and
    Egelman, Serge},
  title={Of passwords and people:
    Measuring the effect of password-composition policies},
  booktitle={CHI},
  year={2011},
  URL={http://cups.cs.cmu.edu/rshay/pubs/passwords_and_people2011.pdf},
}
@inproceedings{Komanduri2014can,
  title={Can long passwords be secure and usable?},
  author={Shay, Richard and
    Komanduri, Saranga and
    Durity, Adam L and
    Huh, Phillip Seyoung and
    Mazurek, Michelle L and
    Segreti, Sean M and
    Ur, Blase and
    Bauer, Lujo and
    Christin, Nicolas and
    Cranor, Lorrie Faith},
  booktitle={Proceedings of the 32nd annual ACM conference on Human factors in 
    computing systems},
  pages={2927--2936},
  year={2014},
  organization={ACM},
  URL={http://lorrie.cranor.org/pubs/longpass-chi2014.pdf},
}

@unpublished{Fisher2011rsa,
  author={Fisher, Dennis},
  title={{RSA}: {SecurID} Attack Was Phishing Via an {Excel} Spreadsheet},
  publisher={threat post},
  year={2011},
  month={4},
  URL={https://threatpost.com/en_us/blogs/rsa-securid-attack-was-phishing-excel-spreadsheet-040111},
}
@misc{Hunt2011abs,
  author={Hunt, Troy},
  title={A brief {Sony} password analysis},
  year={2011},
  month={6},
  URL={http://www.troyhunt.com/2011/06/brief-sony-password-analysis.html},
}
@misc{Cluley2012twp,
  author={Cluley, Graham},
  title={The worst passwords you could ever choose exposed by {Yahoo Voices}
    hack},
  year={2012},
  month={7},
  URL={http://nakedsecurity.sophos.com/2012/07/13/yahoo-voices-poor-passwords/},
}
@misc{Oberheide2010bao,
  author={Oberheide, Jon},
  title={Brief analysis of the Gawker password dump},
  year={2010},
  month={12},
  URL={https://duo.com/blog/brief-analysis-of-the-gawker-password-dump/}
}
@misc{Cubrilovic2009rhf,
  author={Cubrilovic, Nik},
  title={{RockYou Hack: From Bad to Worse}},
  year={2009},
  month={12},
  URL={http://techcrunch.com/2009/12/14/rockyou-hack-security-myspace-facebook-passwords/},
}
@inproceedings{Juels2012sha,
  author={Juels, Ari and Yen, Ting-Fang},
  title={{Sherlock Holmes and The Case of the Advanced Persistent Threat}},
  booktitle={{LEET}},
  year={2012},
  URL={https://www.usenix.org/system/files/conference/leet12/leet12-final29.pdf},
}

@phdthesis{Bonneau2012ghs,
  author={Bonneau, Joseph},
  title={Guessing human-chosen secrets},
  year={2012},
  month={5},
  school={University of Cambridge},
  URL={http://www.cl.cam.ac.uk/~jcb82/doc/2012-jbonneau-phd_thesis.pdf},
}

@inproceedings{kelley2012guess,
  title={Guess again (and again and again): Measuring password strength by 
    simulating password-cracking algorithms},
  author={Kelley, Patrick Gage and Komanduri, Saranga and Mazurek, Michelle 
    L and Shay, Richard and Vidas, Timothy and Bauer, Lujo and Christin, 
    Nicolas and Cranor, Lorrie Faith and Lopez, Julio},
  booktitle={Security and Privacy (SP), 2012 IEEE Symposium on},
  pages={523--537},
  year={2012},
  organization={IEEE},
  URL={http://ieeexplore.ieee.org/abstract/document/6234434/},
}
