@book{Anderson2008sea,
  author={Anderson, Ross J.},
  title={Security Engineering},
  subtitle={A guide to building dependable distributed systems},
  publisher={Wiley},
  address={Indianapolis, IN},
  year={2008},
  edition={2},
  ISBN={978-0-470-06852-6 (hbk.)},
  URL={http://www.cl.cam.ac.uk/~rja14/book.html},
  keywords={IT-s{\"a}kerhet},
}

@article{Shannon1948amt,
  author={Shannon, C. E.},
  title={A Mathematical Theory of Communication},
  journal={The Bell System Technical Journal},
  volume={27},
  pages={379--423, 623--656},
  month={7-8},
  year={1948},
}
@unpublished{Ueltschi2013se,
  author={Ueltschi, Daniel},
  title={Chapter 6: Shannon entropy},
  URL={http://www.ueltschi.org/teaching/chapShannon.pdf},
}

@inproceedings{Komanduri2011opa,
  author={Komanduri, Saranga and
    Shay, Richard and
    Kelley, Patrick Gage and
    Mazurek, Michelle L. and
    Bauer, Lujo and
    Christin Nicolas and
    Cranor, Lorrie Faith and
    Egelman, Serge},
  title={Of passwords and people:
    Measuring the effect of password-composition policies},
  booktitle={CHI},
  year={2011},
  URL={http://cups.cs.cmu.edu/rshay/pubs/passwords_and_people2011.pdf},
}
@inproceedings{Komanduri2014can,
  title={Can long passwords be secure and usable?},
  author={Shay, Richard and
    Komanduri, Saranga and
    Durity, Adam L and
    Huh, Phillip Seyoung and
    Mazurek, Michelle L and
    Segreti, Sean M and
    Ur, Blase and
    Bauer, Lujo and
    Christin, Nicolas and
    Cranor, Lorrie Faith},
  booktitle={Proceedings of the 32nd annual ACM conference on Human factors in 
    computing systems},
  pages={2927--2936},
  year={2014},
  organization={ACM},
  URL={http://lorrie.cranor.org/pubs/longpass-chi2014.pdf},
}

@inproceedings{kelley2012guess,
  title={Guess again (and again and again): Measuring password strength by 
    simulating password-cracking algorithms},
  author={Kelley, Patrick Gage and Komanduri, Saranga and Mazurek, Michelle 
    L and Shay, Richard and Vidas, Timothy and Bauer, Lujo and Christin, 
    Nicolas and Cranor, Lorrie Faith and Lopez, Julio},
  booktitle={Security and Privacy (SP), 2012 IEEE Symposium on},
  pages={523--537},
  year={2012},
  organization={IEEE},
  URL={http://ieeexplore.ieee.org/abstract/document/6234434/},
}
