@book{Anderson2008sea,
  author={Anderson, Ross J.},
  title={Security Engineering},
  subtitle={A guide to building dependable distributed systems},
  publisher={Wiley},
  address={Indianapolis, IN},
  year={2008},
  edition={2},
  ISBN={978-0-470-06852-6 (hbk.)},
  URL={http://www.cl.cam.ac.uk/~rja14/book.html},
  keywords={IT-s{\"a}kerhet},
}

@unpublished{Ueltschi2013se,
  author={Ueltschi, Daniel},
  title={Chapter 6: Shannon entropy},
  URL={http://www.ueltschi.org/teaching/chapShannon.pdf},
}

@techreport{Kuo2006hso,
  author={Kuo, Cynthia and Romanosky, Sasha and Cranor, Lorrie Faith},
  title={{Human Selection of Mnemonic Phrase-based Passwords}},
  institution={Institute of Software Research},
  number={36},
  year={2006},
  URL={http://repository.cmu.edu/isr/36/},
}
@inproceedings{OfPasswordsAndPeople,
  author={Komanduri, Saranga and
    Shay, Richard and
    Kelley, Patrick Gage and
    Mazurek, Michelle L. and
    Bauer, Lujo and
    Christin Nicolas and
    Cranor, Lorrie Faith and
    Egelman, Serge},
  title={Of passwords and people:
    Measuring the effect of password-composition policies},
  booktitle={CHI},
  year={2011},
  URL={http://cups.cs.cmu.edu/rshay/pubs/passwords_and_people2011.pdf},
}
@inproceedings{CanLongPasswordsBeSecureAndUsable,
  title={Can long passwords be secure and usable?},
  author={Shay, Richard and
    Komanduri, Saranga and
    Durity, Adam L and
    Huh, Phillip Seyoung and
    Mazurek, Michelle L and
    Segreti, Sean M and
    Ur, Blase and
    Bauer, Lujo and
    Christin, Nicolas and
    Cranor, Lorrie Faith},
  booktitle={Proceedings of the 32nd annual ACM conference on Human factors in 
    computing systems},
  pages={2927--2936},
  year={2014},
  organization={ACM},
  URL={http://lorrie.cranor.org/pubs/longpass-chi2014.pdf},
}

@inproceedings{Juels2012sha,
  author={Juels, Ari and Yen, Ting-Fang},
  title={{Sherlock Holmes and The Case of the Advanced Persistent Threat}},
  booktitle={{LEET}},
  year={2012},
  URL={https://www.usenix.org/system/files/conference/leet12/leet12-final29.pdf},
}

@phdthesis{Bonneau2012ghs,
  author={Bonneau, Joseph},
  title={Guessing human-chosen secrets},
  year={2012},
  month={5},
  school={University of Cambridge},
  URL={http://www.cl.cam.ac.uk/~jcb82/doc/2012-jbonneau-phd_thesis.pdf},
}

@book{Gollmann2011cs,
  author={Gollmann, Dieter},
  title={Computer Security},
  publisher={Wiley},
  address={Chichester, West Sussex, U.K.},
  year={2011},
  edition={3},
  ISBN={9780470741153 (pbk.)},
  keywords={IT-s{\"a}kerhet},
}

@Inbook{ComputerSecurityExperiments,
  author="Peisert, Sean
      and Bishop, Matt",
  editor="Futcher, Lynn
      and Dodge, Ronald",
  title="How to Design Computer Security Experiments",
  bookTitle="Fifth World Conference on Information Security Education: Proceedings of the IFIP TC11 WG 11.8, WISE 5, 19 to 21 June 2007, United States Military Academy, West Point, New York, USA",
  year="2007",
  publisher="Springer US",
  address="Boston, MA",
  pages="141--148",
  isbn="978-0-387-73269-5",
  doi="10.1007/978-0-387-73269-5_19",
  url="http://web.cs.ucdavis.edu/~peisert/research/Peisert-WISE2007-SecurityExperiments.pdf",
}

@inproceedings{GuessAgainAndAgain,
  title={Guess again (and again and again): Measuring password strength by 
    simulating password-cracking algorithms},
  author={Kelley, Patrick Gage and Komanduri, Saranga and Mazurek, Michelle 
    L and Shay, Richard and Vidas, Timothy and Bauer, Lujo and Christin, 
    Nicolas and Cranor, Lorrie Faith and Lopez, Julio},
  booktitle={Security and Privacy (SP), 2012 IEEE Symposium on},
  pages={523--537},
  year={2012},
  organization={IEEE},
  doi={https://doi.org/10.1109/SP.2012.38},
  URL={http://repository.cmu.edu/cgi/viewcontent.cgi?article=1086&context=cylab},
}

@unpublished{BoskHighLevelCrypto,
  title={A high-level overview of cryptography},
  author={Daniel Bosk},
  note={Lecture},
  year={2016},
  URL={https://github.com/OpenSecEd/appliedcrypto/releases/tag/v1.1},
}
